2461 3003
238 179 301 225 {2

243 297 340 352 περὶ
366 289 515 346 Δήλου
542 295 625 336 καὶ
653 294 725 344 τῆς
751 287 948 344 γενέσεως
975 290 1063 332 τῶν
1091 291 1164 341 τῆς
1201 288 1376 342 ’Λητοῦς
1401 287 1577 333 παίδων.
1607 293 1699 334 ἔστι
1726 290 1775 334 δὲ
1801 294 1882 336 καὶ
1912 294 2054 347 ἕτερος
2079 284 2250 351 Δημώ--

243 361 330 415 δης,
358 358 607 414 Λακιάδης,
634 357 875 410 Ἀθηναῖος
902 355 1043 414 ῥήτωρ
1072 370 1156 397 ιιοιι
1185 367 1245 397 est
1271 355 1405 413 magni
1431 354 1674 415 faciendum.
1745 356 2030 401 Omnia-*enim
2058 355 2240 401 ex-mnle

245 428 454 471 intellecto
483 425 692 480 exscripsit
722 422 863 465 suida.
933 423 1007 464 Uti
1046 423 1114 465 hic
1150 423 1193 463 in
1232 422 1353 464 altera
1383 422 1547 466 demum
1576 424 1709 480 glossa
1737 424 1832 481 pagi
1861 435 2011 470 nomen
2040 424 2240 471 adiectum

250 507 324 549 est,
353 495 409 536 ita
436 490 549 551 apud
575 489 751 533 eundem
781 485 949 532 Suidam
979 506 1013 536 s
1044 507 1082 534 v
1119 488 1427 545 Δημοσθένης,
1473 489 1525 533 de
1552 507 1636 548 quo
1665 491 1793 534 tribus
1822 491 1964 548 glossis
1994 492 2137 548 agitur,
2166 505 2241 533 se-

247 561 405 605 cundae
434 558 560 601 modo
591 558 821 615 appositum
852 569 912 598 est
925 556 1177 607 Παιανιεύς
1205 557 1472 611 vocabulum,
1502 557 1758 615 omninoque
1777 558 1881 601 solet
1899 558 1981 600 hoc
1999 572 2118 617 saepe
2132 556 2242 625 apud

246 627 417 672 Suidam
445 643 524 669 usu
553 627 707 680 venire,
745 637 792 667 ut
820 639 872 666 ex
901 624 1087 681 pluribus
1118 625 1260 681 glossis
1290 623 1341 667 de
1380 624 1526 669 eodem
1564 626 1732 669 homine
1770 622 1959 686 scriptis
1967 642 2049 669 una
2085 636 2241 668 tantum

244 698 353 741 refer
355 706 396 738 at
424 695 604 753 patriam,
633 693 756 737 veluti
786 707 818 733 s.
848 709 886 735 v.
924 691 1139 747 Διογένης,
1169 692 1453 751 Ἀρίστιππος,
1477 692 1816 752 Ἀριστογείτων

362 818 450 859 Iam
480 832 577 860 vero
607 826 825 872 postquam
853 827 1095 857 monstrasse
1124 816 1242 858 nobis
1271 815 1467 869 videmur,
1515 817 1669 872 nullum
1707 816 1817 874 apud
1846 816 2023 862 S'uidam.
2057 829 2241 858 comme-
2280 826 2289 829 ‘

246 885 400 926 morari
429 883 669 933 Demadem‚
693 894 857 937 praeter
886 883 1024 933 istum,
1082 882 1133 923 de
1163 883 1278 923 cuius
1307 882 1542 938 proditione
1572 884 1686 939 quasi
1715 900 1795 924 una
1823 899 1925 926 voce
1951 895 2038 925 ,tota
2068 882 2243 924 clamitat

246 939 474 1009 antiquitas,
507 948 725 992 dicendum
756 960 827 1001 est,
858 964 937 1005 qua
968 949 1122 991 ratione
1152 950 1280 1006 possit
1308 949 1453 992 Suidas
1483 950 1561 992 sibi
1589 951 1807 993 conciliari.
1937 955 1939 957 ’

361 1082 424 1123 Ac
453 1081 630 1137 primum
661 1078 828 1136 quidem
857 1077 1111 1121 retinendum
1142 1094 1227 1121 esse
1258 1083 1466 1122 censemus
1497 1079 1662 1123 Codicis
1684 1080 1896 1130 Leidensis
1921 1080 2106 1122 ordinem
2125 1079 2242 1135 glos-

246 1165 392 1197 sarum,
424 1160 507 1205 quo
526 1159 565 1188 et
581 1163 603 1187 a
623 1146 738 1209 regni
752 1143 1015 1187 Macedonici
1031 1146 1220 1188 societate
1250 1146 1482 1202 excluditur
1499 1147 1714 1197 Demades,
1744 1159 1785 1189 et
1815 1147 2040 1211 Cassandro
2069 1161 2142 1188 sua
2170 1160 2242 1187 re-

246 1216 478 1256 stituuntur.
501 1215 507 1225 ¹
524 1212 685 1255 Deinde
700 1228 798 1256 vero
815 1228 941 1268 quum
961 1214 1078 1254 facile
1099 1214 1271 1270 quisque
1293 1214 1460 1256 miretur
1479 1214 1831 1273 inconcinnitatem
1848 1214 1961 1256 istam
1990 1229 2073 1255 non
2100 1214 2241 1255 feren-

245 1281 350 1333 dam,
382 1297 433 1323 ex
464 1298 541 1338 qua
571 1293 666 1336 post
695 1298 732 1323 v.
763 1278 969 1332 ἀνέστησε
998 1296 1102 1322 nova
1137 1280 1279 1336 incipit
1309 1297 1443 1322 rerum
1473 1282 1594 1322 series
1624 1294 1664 1323 et
1692 1281 1743 1323 de
1773 1282 1857 1323 vita
1885 1280 2082 1323 Demadis
2107 1282 2241 1336 ex'po-

243 1349 354 1389 nitur
392 1365 414 1388 a
451 1349 582 1403 prima
620 1347 705 1395 eius
742 1346 896 1401 origine
938 1347 1144 1402 patrisque
1182 1348 1347 1388 nomine
1386 1362 1433 1388 ac
1470 1348 1574 1390 vitae
1602 1362 1748 1403 genere
1778 1362 1907 1402 usque
1936 1344 2241 1389 ad‘Alexandri

255 1427 453 1470 tempora,
473 1426 564 1456 ante
581 1410 759 1468 Δημέου
775 1413 1146 1456 vav'zovDemadis
1165 1430 1313 1455 nomen
1330 1414 1371 1455 in
1384 1413 1537 1457 Codice
1547 1413 1737 1461 Leidcensi
1753 1413 1946 1455 excidisse
1965 1425 2110 1466 statuo,
2128 1412 2256 1470 quod‘
2317 1411 2321 1414 ⁵

244 1482 325 1522 feci
356 1481 584 1522 secundum
614 1480 894 1521 auctoritatem
924 1494 1063 1519 eorum
1102 1481 1322 1531 librorum,
1367 1495 1540 1535 quorum
1586 1495 1665 1535 ope
1704 1481 1903 1526 Kusterus
1946 1479 2075 1521 totum
2118 1480 2240 1521 istum

246 1547 385 1588 locum
417 1546 713 1589 vexatissimum
744 1545 786 1584 in
816 1545 1017 1599 integrum
1048 1545 1231 1586 ordinem
1251 1546 1441 1600 redigisse
1470 1546 1577 1601 visus
1607 1547 1683 1587 sibi
1712 1557 1808 1598 erat,
1834 1557 1874 1587 et
1901 1546 1943 1587 in
1954 1540 2122 1603 „quibus
2142 1546 2237 1588 De-
2278 1597 2286 1600 =

241 1612 369 1655 madis
399 1630 546 1655 nomen
578 1622 645 1653 ter
673 1611 717 1652 id
748 1623 806 1653 est
836 1611 877 1651 in
908 1612 1227 1667 uniuscuiusque
1256 1612 1410 1667 glossae
1438 1612 1553 1655 initio
1583 1613 1778 1669 scriptum
1806 1613 1929 1654 fuisse
1958 1625 2126 1655 constat.

357 1744 420 1784 Ex
449 1743 513 1784 his
544 1758 647 1799 quae
677 1742 822 1784 ultimo
852 1742 945 1783 loco
975 1741 1085 1798 apud
1116 1741 1394 1784 Gaisfordium
1422 1743 1570 1800 scripta
1599 1755 1704 1795 sunt,
1734 1759 1860 1797 quum
1882 1742 2085 1784 Demadis
2102 1742 2238 1784 histo·-

242 1811 343 1851 riam
373 1823 412 1851 et
443 1826 505 1851 res
535 1823 664 1865 gestas
694 1810 1083 1851 commemoratione
1114 1808 1333 1848 Alexandri
1364 1809 1621 1861 concludant,
1660 1825 1682 1850 e
1712 1811 1909 1866 scriptore
1939 1809 2130 1866 quodam,
2164 1809 2237 1865 qui

241 1877 470 1934 Philippica
499 1889 681 1934 tempora
711 1876 951 1932 complexus
982 1890 1045 1915 res
1072 1874 1292 1915 Alexandri
1314 1891 1396 1917 non
1415 1876 1617 1931 attigisset,
1647 1874 2045 1932 videntur‘excerpta
2064 1891 2161 1935 esse,
2190 1874 2237 1918 id

243 1944 358 2000 quod
377 1945 419 1985 in
439 1942 909 2001 Theopompi-historias
929 1941 1176 1999 Philippicas
1195 1940 1353 1983 videtur
1377 1941 1521 1983 cadere
1539 1958 1671 1999 posse,
1716 1942 1802 1984 Sed
1814 1943 1895 1986 hoc
1914 1942 1969 1993 ὥς
1986 1946 2036 1986 ἐν
2050 1941 2237 2001 παρόδῳ.
2271 1999 2274 2002 ¹

356 2080 530 2134 Reliqua
570 2090 665 2122 sunt
705 2086 839 2119 Autem
881 2077 1107 2119 etiamnunc
1146 2076 1243 2130 duo,
1274 2093 1374 2132 quae
1403 2078 1579 2121 animum
1609 2095 1755 2135 magno
1786 2094 1909 2136 opere
1937 2078 2157 2133 advertant,
2196 2091 2238 2121 et

239 2147 314 2188 iste
343 2143 799 2204 πρότερος,Δημα’δης,
830 2156 869 2185 et
897 2144 1102 2198 Δημαίου
1138 2145 1263 2202 patris
1301 2160 1472 2199 nomen3
1516 2146 1559 2187 in
1600 2146 1747 2203 quibus
1785 2143 2034 2202 corrigendis
2072 2144 2237 2201 vestig-ia

237 2230 452 2269 sequemur
491 2212 596 2256 Cod.
632 2211 748 2254 Leid.
798 2212 909 2254 Ante
948 2213 1066 2253 verba
1093 2211 1274 2267 Δημέου
1309 2208 1478 2257 ναύτου
1512 2212 1720 2270 legebatur
1749 2228 1898 2255 nomen
1927 2210 2147 2267 Δημάδης,
2162 2204 2237 2261 χιιιίι

236 2282 326 2323 fieri
356 2281 496 2323 solet
485 2298 528 2322 in
557 2280 715 2332 lexicis,
745 2293 878 2338 prope
907 2279 1127 2334 marginem
1156 2280 1376 2335 scriptum,
1409 2296 1490 2334 quo
1520 2280 1807 2336 quaerentium
1826 2278 2109 2322 commoditati
2134 2294 2236 2323 suc-

239 2360 447 2391 curratur·
439 2381 450 2402 ,
491 2343 606 2404 quod
645 2361 806 2399 nomen,
837 2363 964 2400 quum
1002 2347 1157 2387 turbata
1181 2358 1291 2388 esset
1319 2346 1467 2404 prioris
1480 2346 1652 2404 glossae
1694 2346 1883 2399 clausula,
1921 2346 1962 2388 in
1997 2346 2086 2388 aliis
2123 2336 2235 2388 libris

239 2427 398 2473 praeter
437 2414 542 2457 Cod.
579 2413 698 2456 Leid.
719 2413 1020 2472 inopportuno
1056 2413 1151 2463 loco
1182 2413 1377 2469 scriptum
1407 2415 1605 2471 reperitur
1636 2424 1726 2454 ante
1755 2413 1878 2457 verba
1912 2411 2005 2469 μετ’
2038 2411 2234 2457 Ἀντίπα-

235 2499 356 2539 τρον.
416 2483 510 2526 Hoc
547 2483 718 2526 verbum
755 2481 827 2522 ubi
863 2480 1126 2538 praefiximus
1164 2480 1302 2523 tertiae
1340 2482 1508 2538 glossae,
1549 2478 1771 2524 videndum
1790 2512 1803 2534 ,
1846 2497 1948 2538 quae
1984 2477 2235 2522 intercedant

235 2549 412 2593 rationes
440 2551 544 2593 inter
573 2561 653 2592 tres
683 2548 847 2607 glossas,
903 2548 952 2591 In
982 2547 1160 2591 secunda
1190 2548 1311 2602 enim,
1341 2563 1445 2607 quae
1475 2563 1720 2606 quamquam
1750 2559 1809 2591 est
1838 2549 1943 2592 miro
1972 2544 2100 2608 modo
2128 2550 2231 2605 per-4

182 2636 193 2644 ·
234 2620 414 2670 turbata,
458 2618 633 2659 eundem
662 2630 797 2659 tamen
826 2618 950 2658 refert
976 2617 1226 2669 Demadem,
1273 2633 1396 2672 quam
1435 2616 1637 2672 reliquae,
1672 2608 1782 2674 ‚illud
1812 2616 2063 2671 desideratur
2091 2630 2234 2667 unum,

234 2685 349 2742 quod
375 2696 499 2729 nemo
529 2685 614 2727 fere
642 2684 931 2741 praetermisit,
961 2683 1033 2741 qui
1062 2684 1308 2728 mentionem
1336 2684 1435 2726 fe‘cit
1462 2683 1668 2738 Demadis,
1697 2681 1822 2741 quod,
1842 2680 2046 2727 Demades
2077 2696 2127 2725 ex
2149 2696 2226 2726 re-

226 2753 339 2809 mige
363 2766 422 2794 est
448 2756 578 2796 factus
609 2763 746 2795 orator
773 2752 977 2808 publicus.
1025 2751 1121 2794 Hoc
1139 2752 1309 2796 ,videtur
1337 2751 1612 2807 significatum·
1636 2751 1761 2800 fuisse
1788 2751 1940 2796 verbis:
1972 2748 1998 2794 ὁ
2011 2745 2225 2809 πρότερος
